@article{peeters2000system,
  title={System identification and damage detection in civil engineering},
  author={Peeters, Bart},
  journal={Department of Civil Engineering, Katholieke Universiteit Leuven, Leuven},
  pages={233},
  year={2000}
}
@article{fan2011vibration,
  title={Vibration-based damage identification methods: a review and comparative study},
  author={Fan, Wei and Qiao, Pizhong},
  journal={Structural Health Monitoring},
  volume={10},
  number={1},
  pages={83--111},
  year={2011},
  publisher={SAGE Publications}
}
@inproceedings{limongelli2016towards,
  title={Towards extraction of vibration-based damage indicators},
  author={Limongelli, M and Chatzi, E and D{\"o}hler, M and Reynders, Edwin and Lombaert, Geert},
  booktitle={Proceedings of the 8th European Workshop On Structural Health Monitoring (EWSHM 2016)},
  year={2016}
}
@article{brownjohn2007structural,
  title={Structural health monitoring of civil infrastructure},
  author={Brownjohn, James MW},
  journal={Philosophical Transactions of the Royal Society of London A: Mathematical, Physical and Engineering Sciences},
  volume={365},
  number={1851},
  pages={589--622},
  year={2007},
  publisher={The Royal Society}
}
@article{farrar2007introduction,
  title={An introduction to structural health monitoring},
  author={Farrar, Charles R and Worden, Keith},
  journal={Philosophical Transactions of the Royal Society of London A: Mathematical, Physical and Engineering Sciences},
  volume={365},
  number={1851},
  pages={303--315},
  year={2007},
  publisher={The Royal Society}
}
@article{friswell2007damage,
  title={Damage identification using inverse methods},
  author={Friswell, Michael I},
  journal={Philosophical Transactions of the Royal Society of London A: Mathematical, Physical and Engineering Sciences},
  volume={365},
  number={1851},
  pages={393--410},
  year={2007},
  publisher={The Royal Society}
}
@article{dilena2015damage,
  title={Damage localization in bridges via the FRF interpolation method},
  author={Dilena, M and Limongelli, MP and Morassi, A},
  journal={Mechanical Systems and Signal Processing},
  volume={52},
  pages={162--180},
  year={2015},
  publisher={Elsevier}
}
@article{fritzen1998damage,
  title={Damage detection based on model updating methods},
  author={Fritzen, C-P and Jennewein, D and Kiefer, Th},
  journal={Mechanical systems and signal processing},
  volume={12},
  number={1},
  pages={163--186},
  year={1998},
  publisher={Elsevier}
}
@article{teughels2005damage,
  title={Damage detection and parameter identification by finite element model updating},
  author={Teughels, Anne and De Roeck, Guido},
  journal={Revue europ{\'e}enne de g{\'e}nie civil},
  volume={9},
  number={1-2},
  pages={109--158},
  year={2005},
  publisher={Taylor \& Francis}
}
@article{simoen2015dealing,
  title={Dealing with uncertainty in model updating for damage assessment: A review},
  author={Simoen, Ellen and De Roeck, Guido and Lombaert, Geert},
  journal={Mechanical Systems and Signal Processing},
  volume={56},
  pages={123--149},
  year={2015},
  publisher={Elsevier}
}
@article{fassois2007time,
  title={Time-series methods for fault detection and identification in vibrating structures},
  author={Fassois, Spilios D and Sakellariou, John S},
  journal={Philosophical Transactions of the Royal Society of London A: Mathematical, Physical and Engineering Sciences},
  volume={365},
  number={1851},
  pages={411--448},
  year={2007},
  publisher={The Royal Society}
}
@article{staszewski2007time,
  title={Time--frequency and time--scale analyses for structural health monitoring},
  author={Staszewski, Wies{\l}aw J and Robertson, Amy N},
  journal={Philosophical Transactions of the Royal Society of London A: Mathematical, Physical and Engineering Sciences},
  volume={365},
  number={1851},
  pages={449--477},
  year={2007},
  publisher={The Royal Society}
}
@article{cauberghe2004applied,
  title={Applied frequency-domain system identification in the field of experimental and operational modal analysis},
  author={Cauberghe, Bart},
  journal={Praca doktorska, VUB, Brussel},
  year={2004}
}
